Plačiau apie šaltinių tipus ir jų atributus:
http://mirror.datacenter.by/pub/mirrors/CTAN/macros/latex/contrib/biblatex/doc/biblatex.pdf#subsection.2.1

@online{IntrumGBS,
    author = {Intrum},
  year = 2021,
  url = {https://www.intrum.com/intrum-global-business-services/},
  urldate = {2021-01-01}
}

@online{Intrum,
  author = {Intrum},
  year = 2021,
  url = {https://www.intrum.com/},
  urldate = {2021-04-07}
}

@online{StackOverflow,
  author = {stackoverflow},
  year = 2021,
  url = {https://stackoverflow.com/},
  urldate = {2021-04-14}
}
@online{Tabulator,
  author = {Tabulator},
  year = 2021,
  url = {http://tabulator.info/},
  urldate = {2021-01-01}
}

@online{daterangepicker,
  author = {Dan Grossman},
  year = 2019,
  url = {https://www.daterangepicker.com/},
  urldate = {2021-01-01}
}